@article{busch1998,
author = {Busch, Thomas and Englert, Berthold-Georg and Rzazewski, Kazimierz and Wilkens, Martin},
year = {1998},
month = {04},
pages = {},
title = {"Two Cold Atoms in a Harmonic Trap"},
volume = {28},
doi ={10.1023/A:1018705520999},
booktitle = {Foundations of Physics}
}

@article{Beane:2003da,
      author         = "Beane, S. R. and Bedaque, P. F. and Parreno, A. and
                        Savage, M. J.",
      title          = "{Two nucleons on a lattice}",
      journal        = "Phys. Lett.",
      volume         = "B585",
      year           = "2004",
      pages          = "106-114",
      doi            = "10.1016/j.physletb.2004.02.007",
      eprint         = "hep-lat/0312004",
      archivePrefix  = "arXiv",
      primaryClass   = "hep-lat",
      reportNumber   = "UNH-03-02, LBNL-54092, NT-UW-03-033, JLAB-THY-03-225",
      SLACcitation   = "%%CITATION = HEP-LAT/0312004;%%"
}


@article{Kaplan:1998we,
      author         = "Kaplan, David B. and Savage, Martin J. and Wise, Mark B.",
      title          = "{Two nucleon systems from effective field theory}",
      journal        = "Nucl. Phys.",
      volume         = "B534",
      year           = "1998",
      pages          = "329-355",
      doi            = "10.1016/S0550-3213(98)00440-4",
      eprint         = "nucl-th/9802075",
      archivePrefix  = "arXiv",
      primaryClass   = "nucl-th",
      reportNumber   = "DOE-ER-40561-357, INT-98-00-5, NT-UW-98-08, CALT-68-2161",
      SLACcitation   = "%%CITATION = NUCL-TH/9802075;%%"
}


@article{PhysRevB.55.R11973,
  title = {Correlation effects in carbon nanotubes},
  author = {Balents, Leon and Fisher, Matthew P. A.},
  journal = {Phys. Rev. B},
  volume = {55},
  issue = {18},
  pages = {R11973--R11976},
  numpages = {0},
  year = {1997},
  month = {May},
  publisher = {American Physical Society},
  doi = {10.11c03/PhysRevB.55.R11973},
  url = {http://link.aps.org/doi/10.1103/PhysRevB.55.R11973}
}

@article{PhysRevLett.115.186602,
  title = {Interaction-Driven Metal-Insulator Transition in Strained Graphene},
  author = {Tang, Ho-Kin and Laksono, E. and Rodrigues, J. N. B. and Sengupta, P. and Assaad, F. F. and Adam, S.},
  journal = {Phys. Rev. Lett.},
  volume = {115},
  issue = {18},
  pages = {186602},
  numpages = {5},
  year = {2015},
  month = {Oct},
  publisher = {American Physical Society},
  doi = {10.1103/PhysRevLett.115.186602},
  url = {http://link.aps.org/doi/10.1103/PhysRevLett.115.186602}
}

@article{Balents1997,
abstract = {We consider the effects of Coulomb interactions on single-wall carbon nanotubes using an on-site Hubbard interaction, u. For the (N,N) armchair tubes the low-energy theory is shown to be identical to a two-chain Hubbard model at half-filling, with an effective interaction uN=u/N. Umklapp scattering leads to gaps in the spectrum of charge and spin excitations which are exponentially small for large N. Above the gaps the intrinsic nanotube resistivity due to these scattering processes is linear in temperature, as observed experimentally. The presence of ``d-wave'' superconductivity in the two-chain Hubbard model away from half-filling suggests that doped armchair nanotubes might exhibit superconductivity with a purely electronic mechanism.},
author = {Balents, Leon and Fisher, Matthew P A},
doi = {10.1103/PhysRevB.55.R11973},
file = {:Users/tomluu/Documents/Mendeley Desktop/1997/Physical Review B/Balents, Fisher/Balents, Fisher - 1997 - Physical Review B.pdf:pdf},
issn = {0163-1829},
journal = {Physical Review B},
month = {may},
number = {18},
pages = {R11973--R11976},
title = {{Correlation effects in carbon nanotubes}},
url = {https://link.aps.org/doi/10.1103/PhysRevB.55.R11973},
volume = {55},
year = {1997}
}


@article{Kane:1997zz,
      author         = "Kane, Charles and Balents, Leon and Fisher, Matthew P.
                        A.",
      title          = "{Coulomb Interactions and Mesoscopic Effects in Carbon
                        Nanotubes}",
      journal        = "Phys. Rev. Lett.",
      volume         = "79",
      year           = "1997",
      pages          = "5086-5089",
      doi            = "10.1103/PhysRevLett.79.5086",
      SLACcitation   = "%%CITATION = PRLTA,79,5086;%%"
}

@article{PhysRevLett.90.016401,
  title = {Narrow-Gap Luttinger Liquid in Carbon Nanotubes},
  author = {Levitov, L. S. and Tsvelik, A. M.},
  journal = {Phys. Rev. Lett.},
  volume = {90},
  issue = {1},
  pages = {016401},
  numpages = {4},
  year = {2003},
  month = {Jan},
  publisher = {American Physical Society},
  doi = {10.1103/PhysRevLett.90.016401},
  url = {http://link.aps.org/doi/10.1103/PhysRevLett.90.016401}
}




@article{PhysRevLett.101.246802,
  title = {Twist Instability in Strongly Correlated Carbon Nanotubes},
  author = {Chen, Wei and Andreev, A. V. and Tsvelik, A. M. and {Dror Orgad}},
  journal = {Phys. Rev. Lett.},
  volume = {101},
  issue = {24},
  pages = {246802},
  numpages = {4},
  year = {2008},
  month = {Dec},
  publisher = {American Physical Society},
  doi = {10.1103/PhysRevLett.101.246802},
  url = {http://link.aps.org/doi/10.1103/PhysRevLett.101.246802}
}


@article{Charlier:2007zz,
      author         = "Charlier, Jean-Christophe and Blase, Xavier and Roche,
                        Stephan",
      title          = "{Electronic and transport properties of nanotubes}",
      journal        = "Rev. Mod. Phys.",
      volume         = "79",
      year           = "2007",
      pages          = "677-732",
      doi            = "10.1103/RevModPhys.79.677",
      SLACcitation   = "%%CITATION = RMPHA,79,677;%%"
}


@article{nature2007,
	Annote = {10.1038/nphys477},
	Author = {Bostwick, Aaron and Ohta, Taisuke and Seyller, Thomas and Horn, Karsten and Rotenberg, Eli},
	Date = {2007/01//print},
	Date-Added = {2015-10-28 13:33:35 +0000},
	Date-Modified = {2015-10-28 13:33:35 +0000},
	Isbn = {1745-2473},
	Journal = {Nat Phys},
	M3 = {10.1038/nphys477},
	Month = {01},
	Number = {1},
	Pages = {36--40},
	Title = {Quasiparticle dynamics in graphene},
	Ty = {JOUR},
	Url = {http://dx.doi.org/10.1038/nphys477},
	Volume = {3},
	Year = {2007},
	Bdsk-Url-1 = {http://dx.doi.org/10.1038/nphys477}}


@article{NanotubeCorr,
author = {Bockrath, Marc and Deshpande, Vikram V. and Chandra, Bhupesh and Caldwell, Robert and Novikov, Dmitry S. and Hone, James},
title = {Strongly correlated electron behavior in carbon nanotubes},
DOI= "10.1051/epjconf/20122300019",
url= "http://dx.doi.org/10.1051/epjconf/20122300019",
journal = {EPJ Web of Conferences},
year = 2012,
volume = 23,
pages = "00019",
}

@article{Deshpande02012009,
author = {Deshpande, Vikram V. and Chandra, Bhupesh and Caldwell, Robert and Novikov, Dmitry S. and Hone, James and Bockrath, Marc}, 
title = {Mott Insulating State in Ultraclean Carbon Nanotubes},
volume = {323}, 
number = {5910}, 
pages = {106-110}, 
year = {2009}, 
doi = {10.1126/science.1165799}, 
abstract ={The Mott insulating state is a manifestation of strong electron interactions in nominally metallic systems. Using transport spectroscopy, we showed that an energy gap exists in nominally metallic carbon nanotubes and occurs in addition to the band gap in small–band-gap nanotubes, indicating that carbon nanotubes are never metallic. This gap has a magnitude of ?10 to 100 milli–electron volts and a nanotube radius (r) dependence of ?1/r, which is in good agreement with predictions for a nanotube Mott insulating state. We also observed neutral excitations within the gap, as predicted for this state. Our results underscore nanotubes' exceptional capabilities for use in studying correlated electron phenomena in one dimension.}, 
URL = {http://www.sciencemag.org/content/323/5910/106.abstract}, 
eprint = {http://www.sciencemag.org/content/323/5910/106.full.pdf}, 
journal = {Science} 
}

@article{GrapheneFound1,
author = {Novoselov, K. S. and Geim, A. K. and Morozov, S. V. and Jiang, D. and Zhang, Y. and Dubonos, S. V. and Grigorieva, I. V. and Firsov, A. A.}, 
title = {Electric Field Effect in Atomically Thin Carbon Films},
volume = {306}, 
number = {5696}, 
pages = {666-669}, 
year = {2004}, 
doi = {10.1126/science.1102896}, 
abstract ={We describe monocrystalline graphitic films, which are a few atoms thick but are nonetheless stable under ambient conditions, metallic, and of remarkably high quality. The films are found to be a two-dimensional semimetal with a tiny overlap between valence and conductance bands, and they exhibit a strong ambipolar electric field effect such that electrons and holes in concentrations up to 1013 per square centimeter and with room-temperature mobilities of ?10,000 square centimeters per volt-second can be induced by applying gate voltage.}, 
URL = {http://www.sciencemag.org/content/306/5696/666.abstract}, 
eprint = {http://www.sciencemag.org/content/306/5696/666.full.pdf}, 
journal = {Science} 
}

@article{GrapheneFound2,
author = {Novoselov, K. S. and Jiang, D. and Schedin, F. and Booth, T. J. and Khotkevich, V. V. and Morozov, S. V. and Geim, A. K.}, 
title = {Two-dimensional atomic crystals},
volume = {102}, 
number = {30}, 
pages = {10451-10453}, 
year = {2005}, 
doi = {10.1073/pnas.0502848102}, 
abstract ={We report free-standing atomic crystals that are strictly 2D and can be viewed as individual atomic planes pulled out of bulk crystals or as unrolled single-wall nanotubes. By using micromechanical cleavage, we have prepared and studied a variety of 2D crystals including single layers of boron nitride, graphite, several dichalcogenides, and complex oxides. These atomically thin sheets (essentially gigantic 2D molecules unprotected from the immediate environment) are stable under ambient conditions, exhibit high crystal quality, and are continuous on a macroscopic scale.}, 
URL = {http://www.pnas.org/content/102/30/10451.abstract}, 
eprint = {http://www.pnas.org/content/102/30/10451.full.pdf}, 
journal = {Proceedings of the National Academy of Sciences of the United States of America} 
}

@article{GrapheneDirac1,
	Annote = {10.1038/nature04233},
	Author = {Novoselov, K. S. and Geim, A. K. and Morozov, S. V. and Jiang, D. and Katsnelson, M. I. and Grigorieva, I. V. and Dubonos, S. V. and Firsov, A. A.},
	Date = {2005/11/10/print},
	Date-Added = {2015-10-26 14:04:07 +0000},
	Date-Modified = {2015-10-26 14:04:07 +0000},
	Day = {10},
	Isbn = {0028-0836},
	Journal = {Nature},
	M3 = {10.1038/nature04233},
	Month = {11},
	Number = {7065},
	Pages = {197--200},
	Title = {Two-dimensional gas of massless Dirac fermions in graphene},
	Ty = {JOUR},
	Url = {http://dx.doi.org/10.1038/nature04233},
	Volume = {438},
	Year = {2005},
	Bdsk-Url-1 = {http://dx.doi.org/10.1038/nature04233}}

@article{GrapheneDirac2,
	Annote = {10.1038/nature04235},
	Author = {Zhang, Yuanbo and Tan, Yan-Wen and Stormer, Horst L. and Kim, Philip},
	Date = {2005/11/10/print},
	Date-Added = {2015-10-26 14:05:51 +0000},
	Date-Modified = {2015-10-26 14:05:51 +0000},
	Day = {10},
	Isbn = {0028-0836},
	Journal = {Nature},
	L3 = {http://www.nature.com/nature/journal/v438/n7065/suppinfo/nature04235_S1.html},
	M3 = {10.1038/nature04235},
	Month = {11},
	Number = {7065},
	Pages = {201--204},
	Title = {Experimental observation of the quantum Hall effect and Berry's phase in graphene},
	Ty = {JOUR},
	Url = {http://dx.doi.org/10.1038/nature04235},
	Volume = {438},
	Year = {2005},
	Bdsk-Url-1 = {http://dx.doi.org/10.1038/nature04235}}

@article{PhysRevLett.100.016602,
  title = {Giant Intrinsic Carrier Mobilities in Graphene and Its Bilayer},
  author = {Morozov, S. V. and Novoselov, K. S. and Katsnelson, M. I. and Schedin, F. and Elias, D. C. and Jaszczak, J. A. and Geim, A. K.},
  journal = {Phys. Rev. Lett.},
  volume = {100},
  issue = {1},
  pages = {016602},
  numpages = {4},
  year = {2008},
  month = {Jan},
  publisher = {American Physical Society},
  doi = {10.1103/PhysRevLett.100.016602},
  url = {http://link.aps.org/doi/10.1103/PhysRevLett.100.016602}
}

@article{PhysRevLett.53.2449,
  title = {Condensed-Matter Simulation of a Three-Dimensional Anomaly},
  author = {Semenoff, Gordon W.},
  journal = {Phys. Rev. Lett.},
  volume = {53},
  issue = {26},
  pages = {2449--2452},
  numpages = {0},
  year = {1984},
  month = {Dec},
  publisher = {American Physical Society},
  doi = {10.1103/PhysRevLett.53.2449},
  url = {http://link.aps.org/doi/10.1103/PhysRevLett.53.2449}
}

@article{PhysRevB.33.3263,
  title = {Critical behavior of disordered degenerate semiconductors. II. Spectrum and transport properties in mean-field theory},
  author = {Fradkin, Eduardo},
  journal = {Phys. Rev. B},
  volume = {33},
  issue = {5},
  pages = {3263--3268},
  numpages = {0},
  year = {1986},
  month = {Mar},
  publisher = {American Physical Society},
  doi = {10.1103/PhysRevB.33.3263},
  url = {http://link.aps.org/doi/10.1103/PhysRevB.33.3263}
}

@article{PhysRevLett.61.2015,
  title = {Model for a Quantum Hall Effect without Landau Levels: Condensed-Matter Realization of the "Parity Anomaly"},
  author = {Haldane, F. D. M.},
  journal = {Phys. Rev. Lett.},
  volume = {61},
  issue = {18},
  pages = {2015--2018},
  numpages = {0},
  year = {1988},
  month = {Oct},
  publisher = {American Physical Society},
  doi = {10.1103/PhysRevLett.61.2015},
  url = {http://link.aps.org/doi/10.1103/PhysRevLett.61.2015}
}

@article{GeimNovoselovReview,
	Annote = {10.1038/nmat1849},
	Author = {Geim, A. K. and Novoselov, K. S.},
	Date = {2007/03//print},
	Date-Added = {2015-10-26 13:43:04 +0000},
	Date-Modified = {2015-10-26 13:43:04 +0000},
	Isbn = {1476-1122},
	Journal = {Nat Mater},
	M3 = {10.1038/nmat1849},
	Month = {03},
	Number = {3},
	Pages = {183--191},
	Title = {The rise of graphene},
	Ty = {JOUR},
	Url = {http://dx.doi.org/10.1038/nmat1849},
	Volume = {6},
	Year = {2007},
	Bdsk-Url-1 = {http://dx.doi.org/10.1038/nmat1849}}

@article{RevModPhys.81.109,
  title = {The electronic properties of graphene},
  author = {Castro Neto, A. H. and Guinea, F. and Peres, N. M. R. and Novoselov, K. S. and Geim, A. K.},
  journal = {Rev. Mod. Phys.},
  volume = {81},
  issue = {1},
  pages = {109--162},
  numpages = {0},
  year = {2009},
  month = {Jan},
  publisher = {American Physical Society},
  doi = {10.1103/RevModPhys.81.109},
  url = {http://link.aps.org/doi/10.1103/RevModPhys.81.109}
}

@article{RevModPhys.84.1067,
  title = {Electron-Electron Interactions in Graphene: Current Status and Perspectives},
  author = {Kotov, Valeri N. and Uchoa, Bruno and Pereira, Vitor M. and Guinea, F. and Castro Neto, A. H.},
  journal = {Rev. Mod. Phys.},
  volume = {84},
  issue = {3},
  pages = {1067--1125},
  numpages = {0},
  year = {2012},
  month = {Jul},
  publisher = {American Physical Society},
  doi = {10.1103/RevModPhys.84.1067},
  url = {http://link.aps.org/doi/10.1103/RevModPhys.84.1067}
}

@article{Khveshchenko2004323,
title = "Excitonic instability in layered degenerate semimetals ",
journal = "Nuclear Physics B ",
volume = "687",
number = "3",
pages = "323 - 331",
year = "2004",
note = "",
issn = "0550-3213",
doi = "http://dx.doi.org/10.1016/j.nuclphysb.2004.03.020",
url = "http://www.sciencedirect.com/science/article/pii/S0550321304002032",
author = "D.V. Khveshchenko and H. Leal"
}

@article{PhysRevB.81.075429,
  title = {Gap generation and semimetal-insulator phase transition in graphene},
  author = {Gamayun, O. V. and Gorbar, E. V. and Gusynin, V. P.},
  journal = {Phys. Rev. B},
  volume = {81},
  issue = {7},
  pages = {075429},
  numpages = {11},
  year = {2010},
  month = {Feb},
  publisher = {American Physical Society},
  doi = {10.1103/PhysRevB.81.075429},
  url = {http://link.aps.org/doi/10.1103/PhysRevB.81.075429}
}

@article{PhysRevB.66.045108,
  title = {Magnetic field driven metal-insulator phase transition in planar systems},
  author = {Gorbar, E. V. and Gusynin, V. P. and Miransky, V. A. and Shovkovy, I. A.},
  journal = {Phys. Rev. B},
  volume = {66},
  issue = {4},
  pages = {045108},
  numpages = {22},
  year = {2002},
  month = {Jul},
  publisher = {American Physical Society},
  doi = {10.1103/PhysRevB.66.045108},
  url = {http://link.aps.org/doi/10.1103/PhysRevB.66.045108}
}

@article{PhysRevLett.97.146401,
  title = {Interactions and Phase Transitions on Graphene's Honeycomb Lattice},
  author = {Herbut, Igor F.},
  journal = {Phys. Rev. Lett.},
  volume = {97},
  issue = {14},
  pages = {146401},
  numpages = {4},
  year = {2006},
  month = {Oct},
  publisher = {American Physical Society},
  doi = {10.1103/PhysRevLett.97.146401},
  url = {http://link.aps.org/doi/10.1103/PhysRevLett.97.146401}
}

@article{PhysRevB.59.R10457,
  title = {Universality of electron correlations in conducting carbon nanotubes},
  author = {Odintsov, Arkadi A. and Yoshioka, Hideo},
  journal = {Phys. Rev. B},
  volume = {59},
  issue = {16},
  pages = {R10457--R10460},
  numpages = {0},
  year = {1999},
  month = {Apr},
  publisher = {American Physical Society},
  doi = {10.1103/PhysRevB.59.R10457},
  url = {http://link.aps.org/doi/10.1103/PhysRevB.59.R10457}
}




@article{nature08918,
	Annote = {10.1038/nature08918},
	Author = {Deshpande, Vikram V. and Bockrath, Marc and Glazman, Leonid I. and Yacoby, Amir},
	Date = {2010/03/11/print},
	Date-Added = {2015-11-15 09:33:02 +0000},
	Date-Modified = {2015-11-15 09:33:02 +0000},
	Day = {11},
	Isbn = {0028-0836},
	Journal = {Nature},
	M3 = {10.1038/nature08918},
	Month = {03},
	Number = {7286},
	Pages = {209--216},
	Publisher = {Nature Publishing Group},
	Title = {Electron liquids and solids in one dimension},
	Ty = {JOUR},
	Url = {http://dx.doi.org/10.1038/nature08918},
	Volume = {464},
	Year = {2010},
	Bdsk-Url-1 = {http://dx.doi.org/10.1038/nature08918}}



@article{PhysRevB.86.115447,
  title = {Fermions on bilayer graphene: Symmetry breaking for $B=0$ and $\ensuremath{\nu}=0$},
  author = {Throckmorton, Robert E. and Vafek, Oskar},
  journal = {Phys. Rev. B},
  volume = {86},
  issue = {11},
  pages = {115447},
  numpages = {19},
  year = {2012},
  month = {Sep},
  publisher = {American Physical Society},
  doi = {10.1103/PhysRevB.86.115447},
  url = {http://link.aps.org/doi/10.1103/PhysRevB.86.115447}
}

@article{PhysRevB.88.075415,
  title = {Classification of massive and gapless phases in bilayer graphene},
  author = {Roy, Bitan},
  journal = {Phys. Rev. B},
  volume = {88},
  issue = {7},
  pages = {075415},
  numpages = {13},
  year = {2013},
  month = {Aug},
  publisher = {American Physical Society},
  doi = {10.1103/PhysRevB.88.075415},
  url = {http://link.aps.org/doi/10.1103/PhysRevB.88.075415}
}


@article{PhysRevLett.101.096802,
  title = {Temperature-Dependent Transport in Suspended Graphene},
  author = {Bolotin, K. I. and Sikes, K. J. and Hone, J. and Stormer, H. L. and Kim, P.},
  journal = {Phys. Rev. Lett.},
  volume = {101},
  issue = {9},
  pages = {096802},
  numpages = {4},
  year = {2008},
  month = {Aug},
  publisher = {American Physical Society},
  doi = {10.1103/PhysRevLett.101.096802},
  url = {http://link.aps.org/doi/10.1103/PhysRevLett.101.096802}
}

@article{BolotinFQHE,
	Annote = {10.1038/nature08582},
	Author = {Bolotin, Kirill I. and Ghahari, Fereshte and Shulman, Michael D. and Stormer, Horst L. and Kim, Philip},
	Date = {2009/11/12/print},
	Date-Added = {2015-10-28 12:07:32 +0000},
	Date-Modified = {2015-10-28 12:07:32 +0000},
	Day = {12},
	Isbn = {0028-0836},
	Journal = {Nature},
	L3 = {http://www.nature.com/nature/journal/v462/n7270/suppinfo/nature08582_S1.html},
	M3 = {10.1038/nature08582},
	Month = {11},
	Number = {7270},
	Pages = {196--199},
	Publisher = {Macmillan Publishers Limited. All rights reserved},
	Title = {Observation of the fractional quantum Hall effect in graphene},
	Ty = {JOUR},
	Url = {http://dx.doi.org/10.1038/nature08582},
	Volume = {462},
	Year = {2009},
	Bdsk-Url-1 = {http://dx.doi.org/10.1038/nature08582}}

@article{EliasVf1,
	Annote = {10.1038/nphys2049},
	Author = {Elias, D. C. and Gorbachev, R. V. and Mayorov, A. S. and Morozov, S. V. and Zhukov, A. A. and Blake, P. and Ponomarenko, L. A. and Grigorieva, I. V. and Novoselov, K. S. and Guinea, F. and Geim, A. K.},
	Date = {2011/09//print},
	Date-Added = {2015-10-26 18:46:31 +0000},
	Date-Modified = {2015-10-26 18:46:31 +0000},
	Isbn = {1745-2473},
	Journal = {Nat Phys},
	L3 = {http://www.nature.com/nphys/journal/v7/n9/abs/nphys2049.html#supplementary-information},
	M3 = {10.1038/nphys2049},
	Month = {09},
	Number = {9},
	Pages = {701--704},
	Publisher = {Nature Publishing Group},
	Title = {Dirac cones reshaped by interaction effects in suspended graphene},
	Ty = {JOUR},
	Url = {http://dx.doi.org/10.1038/nphys2049},
	Volume = {7},
	Year = {2011},
	Bdsk-Url-1 = {http://dx.doi.org/10.1038/nphys2049}}

@article{EliasDiracPoint,
author = {Alexander S. Mayorov and Daniel C. Elias and Ivan S. Mukhin and Sergey V. Morozov and Leonid A. Ponomarenko and Kostya S. Novoselov and A. K. Geim and Roman V. Gorbachev},
title = {How Close Can One Approach the Dirac Point in Graphene Experimentally?},
journal = {Nano Letters},
volume = {12},
number = {9},
pages = {4629-4634},
year = {2012},
doi = {10.1021/nl301922d},
    note ={PMID: 22935053},
URL = { 
        http://dx.doi.org/10.1021/nl301922d
    },
eprint = { 
        http://dx.doi.org/10.1021/nl301922d    
}
}

@article{PhysRevLett.110.146802,
  title = {Charge-Carrier Screening in Single-Layer Graphene},
  author = {Siegel, David A. and Regan, William and Fedorov, Alexei V. and Zettl, A. and Lanzara, Alessandra},
  journal = {Phys. Rev. Lett.},
  volume = {110},
  issue = {14},
  pages = {146802},
  numpages = {5},
  year = {2013},
  month = {Apr},
  publisher = {American Physical Society},
  doi = {10.1103/PhysRevLett.110.146802},
  url = {http://link.aps.org/doi/10.1103/PhysRevLett.110.146802}
}

@article{Yu26022013,
author = {Yu, G. L. and Jalil, R. and Belle, Branson and Mayorov, Alexander S. and Blake, Peter and Schedin, Frederick and Morozov, Sergey V. and Ponomarenko, Leonid A. and Chiappini, F. and Wiedmann, S. and Zeitler, Uli and Katsnelson, Mikhail I. and Geim, A. K. and Novoselov, Kostya S. and Elias, Daniel C.}, 
title = {Interaction phenomena in graphene seen through quantum capacitance},
volume = {110}, 
number = {9}, 
pages = {3282-3286}, 
year = {2013}, 
doi = {10.1073/pnas.1300599110}, 
abstract ={Capacitance measurements provide a powerful means of probing the density of states. The technique has proved particularly successful in studying 2D electron systems, revealing a number of interesting many-body effects. Here, we use large-area high-quality graphene capacitors to study behavior of the density of states in this material in zero and high magnetic fields. Clear renormalization of the linear spectrum due to electron–electron interactions is observed in zero field. Quantizing fields lead to splitting of the spin- and valley-degenerate Landau levels into quartets separated by interaction-enhanced energy gaps. These many-body states exhibit negative compressibility but the compressibility returns to positive in ultrahigh B. The reentrant behavior is attributed to a competition between field-enhanced interactions and nascent fractional states.}, 
URL = {http://www.pnas.org/content/110/9/3282.abstract}, 
eprint = {http://www.pnas.org/content/110/9/3282.full.pdf}, 
journal = {Proceedings of the National Academy of Sciences} 
}



@article{BilayerFeldman,
	Annote = {10.1038/nphys1406},
	Author = {Feldman, Benjamin E. and Martin, Jens and Yacoby, Amir},
	Date = {2009/12//print},
	Date-Added = {2015-10-28 10:01:11 +0000},
	Date-Modified = {2015-10-28 10:01:11 +0000},
	Isbn = {1745-2473},
	Journal = {Nat Phys},
	L3 = {http://www.nature.com/nphys/journal/v5/n12/suppinfo/nphys1406_S1.html},
	M3 = {10.1038/nphys1406},
	Month = {12},
	Number = {12},
	Pages = {889--893},
	Publisher = {Nature Publishing Group},
	Title = {Broken-symmetry states and divergent resistance in suspended bilayer graphene},
	Ty = {JOUR},
	Url = {http://dx.doi.org/10.1038/nphys1406},
	Volume = {5},
	Year = {2009},
	Bdsk-Url-1 = {http://dx.doi.org/10.1038/nphys1406}}
	

@article{bockrathCobdennature,
	Annote = {10.1038/17569},
	Author = {Bockrath, Marc and Cobden, David H. and Lu, Jia and Rinzler, Andrew G. and Smalley, Richard E. and Balents, Leon and McEuen, Paul L.},
	Date = {1999/02/18/print},
	Date-Added = {2015-11-15 13:44:06 +0000},
	Date-Modified = {2015-11-15 13:44:06 +0000},
	Day = {18},
	Isbn = {0028-0836},
	Journal = {Nature},
	M3 = {10.1038/17569},
	Month = {02},
	Number = {6720},
	Pages = {598--601},
	Title = {Luttinger-liquid behaviour in carbon nanotubes},
	Ty = {JOUR},
	Url = {http://dx.doi.org/10.1038/17569},
	Volume = {397},
	Year = {1999},
	Bdsk-Url-1 = {http://dx.doi.org/10.1038/17569}}

	
@article{PhysRevLett.96.196405,
  title = {Dynamic Response of One-Dimensional Interacting Fermions},
  author = {Pustilnik, M. and Khodas, M. and Kamenev, A. and Glazman, L. I.},
  journal = {Phys. Rev. Lett.},
  volume = {96},
  issue = {19},
  pages = {196405},
  numpages = {4},
  year = {2006},
  month = {May},
  publisher = {American Physical Society},
  doi = {10.1103/PhysRevLett.96.196405},
  url = {http://link.aps.org/doi/10.1103/PhysRevLett.96.196405}
}

	
@article{PhysRevLett.93.157402,
  title = {Electron-Electron Interaction Effects on the Optical Excitations of Semiconducting Single-Walled Carbon Nanotubes},
  author = {Zhao, Hongbo and Mazumdar, Sumit},
  journal = {Phys. Rev. Lett.},
  volume = {93},
  issue = {15},
  pages = {157402},
  numpages = {4},
  year = {2004},
  month = {Oct},
  publisher = {American Physical Society},
  doi = {10.1103/PhysRevLett.93.157402},
  url = {http://link.aps.org/doi/10.1103/PhysRevLett.93.157402}
}



@article{PhysRevLett.105.256806,
  title = {Local Compressibility Measurements of Correlated States in Suspended Bilayer Graphene},
  author = {Martin, J. and Feldman, B. E. and Weitz, R. T. and Allen, M. T. and Yacoby, A.},
  journal = {Phys. Rev. Lett.},
  volume = {105},
  issue = {25},
  pages = {256806},
  numpages = {4},
  year = {2010},
  month = {Dec},
  publisher = {American Physical Society},
  doi = {10.1103/PhysRevLett.105.256806},
  url = {http://link.aps.org/doi/10.1103/PhysRevLett.105.256806}
}

@article{Weitz05112010,
author = {Weitz, R. T. and Allen, M. T. and Feldman, B. E. and Martin, J. and Yacoby, A.}, 
title = {Broken-Symmetry States in Doubly Gated Suspended Bilayer Graphene},
volume = {330}, 
number = {6005}, 
pages = {812-816}, 
year = {2010}, 
doi = {10.1126/science.1194988}, 
abstract ={The single-particle energy spectra of graphene and its bilayer counterpart exhibit multiple degeneracies that arise through inherent symmetries. Interactions among charge carriers should spontaneously break these symmetries and lead to ordered states that exhibit energy gaps. In the quantum Hall regime, these states are predicted to be ferromagnetic in nature, whereby the system becomes spin polarized, layer polarized, or both. The parabolic dispersion of bilayer graphene makes it susceptible to interaction-induced symmetry breaking even at zero magnetic field. We investigated the underlying order of the various broken-symmetry states in bilayer graphene suspended between top and bottom gate electrodes. We deduced the order parameter of the various quantum Hall ferromagnetic states by controllably breaking the spin and sublattice symmetries. At small carrier density, we identified three distinct broken-symmetry states, one of which is consistent with either spontaneously broken time-reversal symmetry or spontaneously broken rotational symmetry.}, 
URL = {http://www.sciencemag.org/content/330/6005/812.abstract}, 
eprint = {http://www.sciencemag.org/content/330/6005/812.full.pdf}, 
journal = {Science} 
}

@article{Mayorov12082011,
author = {Mayorov, A. S. and Elias, D. C. and Mucha-Kruczynski, M. and Gorbachev, R. V. and Tudorovskiy, T. and Zhukov, A. and Morozov, S. V. and Katsnelson, M. I. and V. I. Fal’ko and Geim, A. K. and Novoselov, K. S.}, 
title = {Interaction-Driven Spectrum Reconstruction in Bilayer Graphene},
volume = {333}, 
number = {6044}, 
pages = {860-863}, 
year = {2011}, 
doi = {10.1126/science.1208683}, 
abstract ={The nematic phase transition in electronic liquids, driven by Coulomb interactions, represents a new class of strongly correlated electronic ground states. We studied suspended samples of bilayer graphene, annealed so that it achieves very high quasiparticle mobilities (greater than 106 square centimers per volt-second). Bilayer graphene is a truly two-dimensional material with complex chiral electronic spectra, and the high quality of our samples allowed us to observe strong spectrum reconstructions and electron topological transitions that can be attributed to a nematic phase transition and a decrease in rotational symmetry. These results are especially surprising because no interaction effects have been observed so far in bilayer graphene in the absence of an applied magnetic field.}, 
URL = {http://www.sciencemag.org/content/333/6044/860.abstract}, 
eprint = {http://www.sciencemag.org/content/333/6044/860.full.pdf}, 
journal = {Science} 
}

@article{PhysRevLett.108.076602,
  title = {Spontaneously Gapped Ground State in Suspended Bilayer Graphene},
  author = {Freitag, F. and Trbovic, J. and Weiss, M. and Sch\"onenberger, C.},
  journal = {Phys. Rev. Lett.},
  volume = {108},
  issue = {7},
  pages = {076602},
  numpages = {5},
  year = {2012},
  month = {Feb},
  publisher = {American Physical Society},
  doi = {10.1103/PhysRevLett.108.076602},
  url = {http://link.aps.org/doi/10.1103/PhysRevLett.108.076602}
}

@article{VelascoBilayer,
	Annote = {10.1038/nnano.2011.251},
	Author = {Velasco, J.  and Jing, L. and Bao, W. and Lee, Y. and Kratz, P. and Aji, V. and Bockrath, M. and Lau, C. N. and Varma, C. and Stillwell, R. and Smirnov, D. and Zhang, Fan and Jung, J. and MacDonald, A. H.},
	Date = {2012/03//print},
	Date-Added = {2015-10-28 10:04:20 +0000},
	Date-Modified = {2015-10-28 10:04:20 +0000},
	Isbn = {1748-3387},
	Journal = {Nat Nano},
	L3 = {http://www.nature.com/nnano/journal/v7/n3/abs/nnano.2011.251.html#supplementary-information},
	M3 = {10.1038/nnano.2011.251},
	Month = {03},
	Number = {3},
	Pages = {156--160},
	Publisher = {Nature Publishing Group},
	Title = {Transport spectroscopy of symmetry-broken insulating states in bilayer graphene},
	Ty = {JOUR},
	Url = {http://dx.doi.org/10.1038/nnano.2011.251},
	Volume = {7},
	Year = {2012},
	Bdsk-Url-1 = {http://dx.doi.org/10.1038/nnano.2011.251}}





@article{PhysRevB.79.115434,
  title = {Divergent resistance at the Dirac point in graphene: Evidence for a transition in a high magnetic field},
  author = {Checkelsky, Joseph G. and Li, Lu and Ong, N. P.},
  journal = {Phys. Rev. B},
  volume = {79},
  issue = {11},
  pages = {115434},
  numpages = {7},
  year = {2009},
  month = {Mar},
  publisher = {American Physical Society},
  doi = {10.1103/PhysRevB.79.115434},
  url = {http://link.aps.org/doi/10.1103/PhysRevB.79.115434}
}

@article{PhysRevLett.101.086402,
  title = {Metal to Insulator Transition in Epitaxial Graphene Induced by Molecular Doping},
  author = {Zhou, S. Y. and Siegel, D. A. and Fedorov, A. V. and Lanzara, A.},
  journal = {Phys. Rev. Lett.},
  volume = {101},
  issue = {8},
  pages = {086402},
  numpages = {4},
  year = {2008},
  month = {Aug},
  publisher = {American Physical Society},
  doi = {10.1103/PhysRevLett.101.086402},
  url = {http://link.aps.org/doi/10.1103/PhysRevLett.101.086402}
}






@article{Drut:2008rg,
      author         = "Drut, Joaquin E. and Lahde, Timo A.",
      title          = "{Is graphene in vacuum an insulator?}",
      journal        = "Phys. Rev. Lett.",
      volume         = "102",
      year           = "2009",
      pages          = "026802",
      doi            = "10.1103/PhysRevLett.102.026802",
      eprint         = "0807.0834",
      archivePrefix  = "arXiv",
      primaryClass   = "cond-mat.str-el",
      SLACcitation   = "%%CITATION = ARXIV:0807.0834;%%"
}

@article{Drut:2009aj,
      author         = "Drut, Joaquin E. and Lahde, Timo A.",
      title          = "{Lattice field theory simulations of graphene}",
      journal        = "Phys. Rev.",
      volume         = "B79",
      year           = "2009",
      pages          = "165425",
      doi            = "10.1103/PhysRevB.79.165425",
      eprint         = "0901.0584",
      archivePrefix  = "arXiv",
      primaryClass   = "cond-mat.str-el",
      reportNumber   = "NT@UW-09-01",
      SLACcitation   = "%%CITATION = ARXIV:0901.0584;%%"
}

@article{Drut:2009zi,
      author         = "Drut, Joaquin E. and Lahde, Timo A.",
      title          = "{Critical exponents of the semimetal-insulator transition
                        in graphene: A Monte Carlo study}",
      journal        = "Phys. Rev.",
      volume         = "B79",
      year           = "2009",
      pages          = "241405",
      doi            = "10.1103/PhysRevB.79.241405",
      eprint         = "0905.1320",
      archivePrefix  = "arXiv",
      primaryClass   = "cond-mat.str-el",
      reportNumber   = "NT@UW-09-10, INT-PUB-09-023",
      SLACcitation   = "%%CITATION = ARXIV:0905.1320;%%"
}






@article{Hands:2008id,
      author         = "Hands, Simon and Strouthos, Costas",
      title          = "{Quantum Critical Behaviour in a Graphene-like Model}",
      journal        = "Phys. Rev.",
      volume         = "B78",
      year           = "2008",
      pages          = "165423",
      doi            = "10.1103/PhysRevB.78.165423",
      eprint         = "0806.4877",
      archivePrefix  = "arXiv",
      primaryClass   = "cond-mat.str-el",
      SLACcitation   = "%%CITATION = ARXIV:0806.4877;%%"
}

@article{Hands:2008hr,
      author         = "Hands, Simon and Strouthos, Costas",
      title          = "{Quantum Phase Transition in a Graphene Model}",
      booktitle      = "{Low temperature physics. Proceedings, 25th International
                        Conference, LT25, Amsterdam, Netherlands, August 6-13,
                        2008. Pt. 2}",
      journal        = "J. Phys. Conf. Ser.",
      volume         = "150",
      year           = "2009",
      pages          = "042191",
      doi            = "10.1088/1742-6596/150/4/042191",
      eprint         = "0808.2720",
      archivePrefix  = "arXiv",
      primaryClass   = "cond-mat.str-el",
      SLACcitation   = "%%CITATION = ARXIV:0808.2720;%%"
}

@article{Armour:2009vj,
      author         = "Armour, W. and Hands, Simon and Strouthos, Costas",
      title          = "{Monte Carlo Simulation of the Semimetal-Insulator Phase
                        Transition in Monolayer Graphene}",
      journal        = "Phys. Rev.",
      volume         = "B81",
      year           = "2010",
      pages          = "125105",
      doi            = "10.1103/PhysRevB.81.125105",
      eprint         = "0910.5646",
      archivePrefix  = "arXiv",
      primaryClass   = "cond-mat.str-el",
      SLACcitation   = "%%CITATION = ARXIV:0910.5646;%%"
}

@article{Armour:2011hf,
      author         = "Armour, Wesley and Hands, Simon and Strouthos, Costas",
      title          = "{Monte Carlo simulation of monolayer graphene at non-zero
                        temperature}",
      journal        = "Phys. Rev.",
      volume         = "B84",
      year           = "2011",
      pages          = "075123",
      doi            = "10.1103/PhysRevB.84.075123",
      eprint         = "1105.1043",
      archivePrefix  = "arXiv",
      primaryClass   = "cond-mat.str-el",
      SLACcitation   = "%%CITATION = ARXIV:1105.1043;%%"
}

@article{Armour:2013yk,
      author         = "Armour, Wes and Hands, Simon and Strouthos, Costas",
      title          = "{Monte Carlo study of strongly interacting degenerate
                        fermions: A model for voltage-biased bilayer graphene}",
      journal        = "Phys. Rev.",
      volume         = "D87",
      year           = "2013",
      number         = "6",
      pages          = "065010",
      doi            = "10.1103/PhysRevD.87.065010",
      eprint         = "1302.0150",
      archivePrefix  = "arXiv",
      primaryClass   = "hep-lat",
      SLACcitation   = "%%CITATION = ARXIV:1302.0150;%%"
}

@article{Hands:2015lza,
      author         = "Hands, Simon and Armour, Wes and Strouthos, Costas",
      title          = "{Graphene as a Lattice Field Theory}",
      booktitle      = "{9th International Workshop on Critical Point and Onset
                        of Deconfinement (CPOD 2014) Bielefeld, Germany, November
                        17-21, 2014}",
      journal        = "PoS",
      volume         = "CPOD2014",
      year           = "2014",
      pages          = "016",
      eprint         = "1501.01895",
      archivePrefix  = "arXiv",
      primaryClass   = "cond-mat.str-el",
      SLACcitation   = "%%CITATION = ARXIV:1501.01895;%%"
}

@article{Armour:2015mta,
      author         = "Armour, Wes and Hands, Simon and Strouthos, Costas",
      title          = "{Strong Interaction Effects at a Fermi Surface in a Model
                        for Voltage-Biased Bilayer Graphene}",
      year           = "2015",
      eprint         = "1509.03401",
      archivePrefix  = "arXiv",
      primaryClass   = "cond-mat.str-el",
      SLACcitation   = "%%CITATION = ARXIV:1509.03401;%%"
}





@article{PhysRevB.72.085123,
  title = {Ground-state and finite-temperature signatures of quantum phase transitions in the half-filled Hubbard model on a honeycomb lattice},
  author = {Paiva, Thereza and Scalettar, R. T. and Zheng, W. and Singh, R. R. P. and Oitmaa, J.},
  journal = {Phys. Rev. B},
  volume = {72},
  issue = {8},
  pages = {085123},
  numpages = {11},
  year = {2005},
  month = {Aug},
  publisher = {American Physical Society},
  doi = {10.1103/PhysRevB.72.085123},
  url = {http://link.aps.org/doi/10.1103/PhysRevB.72.085123}
}

@article{MengGraphene,
	Annote = {10.1038/nature08942},
	Author = {Meng, Z. Y. and Lang, T. C. and Wessel, S. and Assaad, F. F. and Muramatsu, A.},
	Date = {2010/04/08/print},
	Date-Added = {2015-10-28 09:13:13 +0000},
	Date-Modified = {2015-10-28 09:13:13 +0000},
	Day = {08},
	Isbn = {0028-0836},
	Journal = {Nature},
	L3 = {http://www.nature.com/nature/journal/v464/n7290/suppinfo/nature08942_S1.html},
	M3 = {10.1038/nature08942},
	Month = {04},
	Number = {7290},
	Pages = {847--851},
	Publisher = {Macmillan Publishers Limited. All rights reserved},
	Title = {Quantum spin liquid emerging in two-dimensional correlated Dirac fermions},
	Ty = {JOUR},
	Url = {http://dx.doi.org/10.1038/nature08942},
	Volume = {464},
	Year = {2010},
	Bdsk-Url-1 = {http://dx.doi.org/10.1038/nature08942}}


@article{SorellaGraphene,
	Author = {Sorella, Sandro and Otsuka, Yuichi and Yunoki, Seiji},
	Date = {2012/12/18/online},
	Date-Added = {2015-10-28 09:20:03 +0000},
	Date-Modified = {2015-10-28 09:20:03 +0000},
	Day = {18},
	Journal = {Scientific Reports},
	L3 = {10.1038/srep00992; http://www.nature.com/articles/srep00992#supplementary-information},
	M3 = {Article},
	Month = {12},
	Pages = {992 EP  -},
	Publisher = {Macmillan Publishers Limited. All rights reserved SN  -},
	Title = {Absence of a Spin Liquid Phase in the Hubbard Model on the Honeycomb Lattice},
	Ty = {JOUR},
	Url = {http://dx.doi.org/10.1038/srep00992},
	Volume = {2},
	Year = {2012},
	Bdsk-Url-1 = {http://dx.doi.org/10.1038/srep00992}}


@article{PhysRevLett.109.126402,
  title = {Antiferromagnetism in the Hubbard Model on the Bernal-Stacked Honeycomb Bilayer},
  author = {Lang, Thomas C. and Meng, Zi Yang and Scherer, Michael M. and Uebelacker, Stefan and Assaad, Fakher F. and Muramatsu, Alejandro and Honerkamp, Carsten and Wessel, Stefan},
  journal = {Phys. Rev. Lett.},
  volume = {109},
  issue = {12},
  pages = {126402},
  numpages = {5},
  year = {2012},
  month = {Sep},
  publisher = {American Physical Society},
  doi = {10.1103/PhysRevLett.109.126402},
  url = {http://link.aps.org/doi/10.1103/PhysRevLett.109.126402}
}

@article{PhysRevB.89.245404,
  title = {Numerical simulation of graphene in an external magnetic field},
  author = {Boyda, D. L. and Braguta, V. V. and Valgushev, S. N. and Polikarpov, M. I. and Ulybyshev, M. V.},
  journal = {Phys. Rev. B},
  volume = {89},
  issue = {24},
  pages = {245404},
  numpages = {6},
  year = {2014},
  month = {Jun},
  publisher = {American Physical Society},
  doi = {10.1103/PhysRevB.89.245404},
  url = {http://link.aps.org/doi/10.1103/PhysRevB.89.245404}
}

@article{PhysRevLett.114.246801,
  title = {Magnetism and Interaction-Induced Gap Opening in Graphene with Vacancies or Hydrogen Adatoms: Quantum Monte Carlo Study},
  author = {Ulybyshev, M. V. and Katsnelson, M. I.},
  journal = {Phys. Rev. Lett.},
  volume = {114},
  issue = {24},
  pages = {246801},
  numpages = {5},
  year = {2015},
  month = {Jun},
  publisher = {American Physical Society},
  doi = {10.1103/PhysRevLett.114.246801},
  url = {http://link.aps.org/doi/10.1103/PhysRevLett.114.246801}
}

%\cite{Wendt:2010fq}
@article{Wendt:2010fq,
  author={Wendt, K. A. and Drut, J. E. and Lahde, T. A.},
  title={Toward large-scale Hybrid Monte Carlo simulations of the Hubbard model on graphics processing units},
  journal={Comput.Phys.Commun.},
  volume={182} ,
  year={2011} ,
  pages={1651},
        eprint         = "1007.3432",
      archivePrefix  = "arXiv",
      primaryClass   = "cond-mat.stat-mech"
      }
 % [arXiv:1007.3432 [cond-mat.stat-mech]].
  %%CITATION = ARXIV:1007.3432;%%


@book{gattringer2009quantum,
  title={Quantum Chromodynamics on the Lattice: An Introductory Presentation},
  author={Gattringer, C. and Lang, C.},
  isbn={9783642018497},
  lccn={2009934009},
  series={Lecture Notes in Physics},
  url={https://books.google.de/books?id=l2hZKnlYDxoC},
  year={2009},
  publisher={Springer Berlin Heidelberg}
}

@book{abrikosov1975methods,
  title={Methods of Quantum Field Theory in Statistical Physics},
  author={Abrikosov, A.A. and Gorkov, L.P. and Dzyaloshinski, I.E.},
  isbn={9780486632285},
  lccn={75017174},
  series={Dover Books on Physics Series},
  url={https://books.google.de/books?id=E\_9NtwNY7UcC},
  year={1975},
  publisher={Dover Publications}
}

@book{mattuck2012guide,
  title={A Guide to Feynman Diagrams in the Many-Body Problem},
  author={Mattuck, R.D.},
  isbn={9780486131641},
  series={Dover Books on Physics},
  url={https://books.google.de/books?id=1P\_DAgAAQBAJ},
  year={2012},
  publisher={Dover Publications}
}


@article{Buividovich:2012uk,
      author         = "Buividovich, P.V. and Luschevskaya, E.V. and Pavlovsky,
                        O.V. and Polikarpov, M.I. and Ulybyshev, M.V.",
      title          = "{Numerical study of the conductivity of graphene
                        monolayer within the effective field theory approach}",
      journal        = "Phys.Rev.",
      volume         = "B86",
      pages          = "045107",
      doi            = "10.1103/PhysRevB.86.045107",
      year           = "2012",
      eprint         = "1204.0921",
      archivePrefix  = "arXiv",
      primaryClass   = "cond-mat.str-el",
      reportNumber   = "ITEP-LAT-2012-04",
      SLACcitation   = "%%CITATION = ARXIV:1204.0921;%%",
}

@article{Buividovich:2012nx,
      author         = "Buividovich, P.V. and Polikarpov, M.I.",
      title          = "{Monte-Carlo study of the electron transport properties
                        of monolayer graphene within the tight-binding model}",
      journal        = "Phys.Rev.",
      volume         = "B86",
      pages          = "245117",
      doi            = "10.1103/PhysRevB.86.245117",
      year           = "2012",
      eprint         = "1206.0619",
      archivePrefix  = "arXiv",
      primaryClass   = "cond-mat.str-el",
      reportNumber   = "ITEP-LAT-2012-06",
      SLACcitation   = "%%CITATION = ARXIV:1206.0619;%%",
}

@article{Buividovich:2013ak,
      author         = "Buividovich, P.V.",
      title          = "{Monte-Carlo study of quasiparticle dispersion relation
                        in monolayer graphene}",
      journal        = "PoS",
      volume         = "ConfinementX",
      pages          = "084",
      year           = "2012",
      eprint         = "1301.1144",
      archivePrefix  = "arXiv",
      primaryClass   = "cond-mat.str-el",
      SLACcitation   = "%%CITATION = ARXIV:1301.1144;%%",
}

@article{Brower:2012zd,
      author         = "Brower, Richard and Rebbi, Claudio and Schaich, David",
      title          = "{Hybrid Monte Carlo simulation on the graphene hexagonal
                        lattice}",
      booktitle      = "{Proceedings, 29th International Symposium on Lattice
                        field theory (Lattice 2011)}",
      journal        = "PoS",
      volume         = "LATTICE2011",
      year           = "2011",
      pages          = "056",
      eprint         = "1204.5424",
      archivePrefix  = "arXiv",
      primaryClass   = "hep-lat",
      SLACcitation   = "%%CITATION = ARXIV:1204.5424;%%"
}

@article{Lieb1968,
abstract = {The short-range, one-band model for electron correlations in a narrow energy band is solved exactly in the one-dimensional case. The ground-state energy, wave function, and the chemical potentials are obtained, and it is found that the ground state exhibits no conductor-insulator transition as the correlation strength is increased. The correlation effect of electrons in a partial-ly filled energy band has been a subject of inter-est for many years. ' A realistic model which takes this correlation into consideration, and which is hopefully amenable to mathematical treatment, is the short-range, one-band model considered by a number of authors. ' ' In this model, one pictures the electrons in a narrow energy band hopping between the Wannier states of neighboring lattice sites, with a repulsive in-teraction energy between two electrons of oppo-site spins occupying the same lattice site. The central problems of interest have been (a) the possible existence of a "Mott transition" between conducting and insulating states as the strength of the interaction is increased, and (b) the mag-netic nature (ferromagnetic or antiferromagnet-ic) of the ground state. While previous treat-ments of this model have always been approxi-mate, we have succeeded in solving the model exactly in the one-dimensional case. Our exact result shows that the Mott transition does occur in the ground state of the one-dimensional model. Furthermore, a general theorem of Lieb and Mattis' on one-dimensional systems tells us that the ground state is necessarily antiferromagnetic. It may be argued that the absence of a Mott transition in one dimension is irrelevant for the study of real three-dimensional systems because of the folkloristic dictum that there are never any phase transitions in one dimension with short-range interactions. In actual fact, the dic-tum is only true for nonzero temperature; the ground state is another matter. Generally speak-ing, when a Hamiltonian is considered to be a function of some parameter, U (which in our case is the electron-electron repulsion), singu-larities with respect to U usually do appear in the ground-state wave function, energy, polariz-ability, etc. , even in one dimension. A good ex-ample of this is the one-dimensional Heisenberg chain (to which the present model is very close) which, when considered as a function of the an-isotropy parameter, does have two singularities},
author = {Lieb, Elliott H and Wu, F Y},
doi = {10.1103/PhysRevLett.21.192.2},
file = {:Users/tomluu/Documents/Mendeley Desktop/1968/Physical Review Letters/Lieb, Wu/Lieb, Wu - 1968 - Physical Review Letters.pdf:pdf},
issn = {0031-9007},
journal = {Physical Review Letters},
month = {jul},
number = {3},
pages = {192--192},
title = {{Absence of Mott Transition in an Exact Solution of the Short-Range, One-Band Model in One Dimension}},
url = {https://journals.aps.org/prl/pdf/10.1103/PhysRevLett.20.1445 https://link.aps.org/doi/10.1103/PhysRevLett.21.192.2},
volume = {21},
year = {1968}
}

@article{Lieb2003a,
abstract = {In 1968 we published the solution of the ground state energy and wave function of the one-dimensional Hubbard model, and we also showed that there is no Mott transition in this model. Details of the analysis have never been published, however. As the Hubbard model has become increasingly important in condensed matter physics, relating to topics such as the theory of high-Tc superconductivity, it is appropriate to revisit the one-dimensional model and to recall here some details of the solution.},
author = {Lieb, Elliott H and Wu, F.Y.},
doi = {10.1016/S0378-4371(02)01785-5},
file = {:Users/tomluu/Documents/Mendeley Desktop/2003/Physica A Statistical Mechanics and its Applications/Lieb, Wu/Lieb, Wu - 2003 - Physica A Statistical Mechanics and its Applications.pdf:pdf},
issn = {03784371},
journal = {Physica A: Statistical Mechanics and its Applications},
keywords = {7110Fd,7127+a,7510Lp Keywords,Exact solution,Hubbard model,One dimension,PACS},
month = {apr},
number = {1-2},
pages = {1--27},
title = {{The one-dimensional Hubbard model: a reminiscence}},
url = {www.elsevier.com/locate/physa http://linkinghub.elsevier.com/retrieve/pii/S0378437102017855},
volume = {321},
year = {2003}
}

@article{Bockrath2012,
abstract = {One dimensional systems offer a fascinating platform for investigating and understanding the collective and many-body behavior of interacting electron systems. We report low-temperature transport experiments on carbon nanotubes, which are archetypal one-dimensional systems that have either semiconducting or metallic band structure depending on their radius and chirality. Semiconducting nanotubes at low densities exhibit Wigner crystal behavior, while nominally metallic nanotubes are observed to have an energy gap at half filling, consistent with theories of a Mott insulating state in nanotubes. Our results demonstrate nanotubes' promise for studying a variety of tunable correlated electron phenomena in one dimension.},
author = {Marc, Bockrath and Deshpande, Vikram V and Chandra, Bhupesh and Caldwell, Robert and Novikov, Dmitry S. and Hone, James},
doi = {10.1051/epjconf/20122300019},
file = {:Users/tomluu/Documents/Mendeley Desktop/2012/Eurasia-Pacific Summer School and Conference on Correlated Electrons/Bockrath et al/Bockrath et al. - 2012 - Eurasia-Pacific Summer School and Conference on Correlated Electrons.pdf:pdf},
isbn = {2100-014X *****************},
issn = {2100-014X},
journal = {EPJ Web of Conferences},
month = {mar},
pages = {00019},
title = {{Strongly correlated electron behavior in carbon nanotubes}},
url = {http://www.epj-conferences.org/10.1051/epjconf/20122300019},
volume = {23},
year = {2012}
}




%%% contains utf-8, see: http://inspirehep.net/info/faq/general#utf8
%%% add \usepackage[utf8]{inputenc} to your latex preamble

@article{Luu:2015gpl,
      author         = "Luu, Thomas and L{\"a}hde, Timo A.",
      title          = "{Quantum Monte Carlo Calculations for Carbon Nanotubes}",
      journal        = "Phys. Rev.",
      volume         = "B93",
      year           = "2016",
      number         = "15",
      pages          = "155106",
      doi            = "10.1103/PhysRevB.93.155106",
      eprint         = "1511.04918",
      archivePrefix  = "arXiv",
      primaryClass   = "cond-mat.str-el",
      SLACcitation   = "%%CITATION = ARXIV:1511.04918;%%"
}



@article{Smith:2014tha,
      author         = "Smith, Dominik and von Smekal, Lorenz",
      title          = "{Monte-Carlo simulation of the tight-binding model of
                        graphene with partially screened Coulomb interactions}",
      journal        = "Phys. Rev.",
      volume         = "B89",
      year           = "2014",
      number         = "19",
      pages          = "195429",
      doi            = "10.1103/PhysRevB.89.195429",
      eprint         = "1403.3620",
      archivePrefix  = "arXiv",
      primaryClass   = "hep-lat",
      SLACcitation   = "%%CITATION = ARXIV:1403.3620;%%"
}

@article{Luscher:1976ms,
      author         = "Luscher, M.",
      title          = "{Construction of a Selfadjoint, Strictly Positive
                        Transfer Matrix for Euclidean Lattice Gauge Theories}",
      journal        = "Commun. Math. Phys.",
      volume         = "54",
      year           = "1977",
      pages          = "283",
      doi            = "10.1007/BF01614090",
      reportNumber   = "DESY-76-54",
      SLACcitation   = "%%CITATION = CMPHA,54,283;%%"
}
@article{Ulybyshev:2013swa,
      author         = "Ulybyshev, M.V. and Buividovich, P.V. and Katsnelson,
                        M.I. and Polikarpov, M.I.",
      title          = "{Monte-Carlo study of the semimetal-insulator phase
                        transition in monolayer graphene with realistic
                        inter-electron interaction potential}",
      journal        = "Phys.Rev.Lett.",
      volume         = "111",
      pages          = "056801",
      doi            = "10.1103/PhysRevLett.111.056801",
      year           = "2013",
      eprint         = "1304.3660",
      archivePrefix  = "arXiv",
      primaryClass   = "cond-mat.str-el",
      SLACcitation   = "%%CITATION = ARXIV:1304.3660;%%",
}

@book{Saito1998,
  added-at = {2010-03-09T22:47:41.000+0100},
  author = {Saito, Riichiro and Dresselhaus, Gene and Dresselhaus, Mildred S},
  biburl = {http://www.bibsonomy.org/bibtex/27e176cd340037cbda075cfa79d3d2594/afcallender},
  interhash = {1e0a4fad626f188237e7b8fb96813b0d},
  intrahash = {7e176cd340037cbda075cfa79d3d2594},
  keywords = {CNT carbon nano},
  note = {ISBN 978-1-86094-093-4 (hb)  ISBN 978-1-86094-223-5 (pb)},
  publisher = {World Scientific Publishing},
  timestamp = {2010-03-09T22:54:40.000+0100},
  title = {Physical Properties of Carbon Nanotubes},
  year = 1998
}

@article{PhysRevLett.106.236805,
  title = {Strength of Effective Coulomb Interactions in Graphene and Graphite},
  author = {Wehling, T. O. and \ifmmode \mbox{\c{S}}\else \c{S}\fi{}a\ifmmode \mbox{\c{s}}\else \c{s}\fi{}\ifmmode \imath \else \i \fi{}o\ifmmode \breve{g}\else \u{g}\fi{}lu, E. and Friedrich, C. and Lichtenstein, A. I. and Katsnelson, M. I. and Bl\"ugel, S.},
  journal = {Phys. Rev. Lett.},
  volume = {106},
  issue = {23},
  pages = {236805},
  numpages = {4},
  year = {2011},
  month = {Jun},
  publisher = {American Physical Society},
  doi = {10.1103/PhysRevLett.106.236805},
  url = {http://link.aps.org/doi/10.1103/PhysRevLett.106.236805}
}

@incollection{pardiso1,
    author={A.~Kuzmin and M.~Luisier and O.~Schenk},
    title={Fast Methods for Computing Selected Elements of the Greens Function in Massively Parallel Nanoelectronic Device Simulations},
    pages={533-544},
    year={2013},
    isbn={978-3-642-40046-9},
    booktitle={Euro-Par 2013 Parallel Processing},
    volume={8097},
    series={Lecture Notes in Computer Science},
    editor={F.~Wolf and B.~Mohr and D.~Mey},
    doi={10.1007/978-3-642-40047-6_54},
    url={http://dx.doi.org/10.1007/978-3-642-40047-6_54},
    publisher={Springer Berlin Heidelberg}
}

@article{pardiso2,
 author = {Schenk, Olaf and Bollh\"{o}fer, Matthias and R\"{o}mer, Rudolf A.},
 title = {On Large-Scale Diagonalization Techniques for the Anderson Model of Localization},
 journal = {SIAM Rev.},
 issue_date = {February 2008},
 volume = {50},
 number = {1},
 month = feb,
 year = {2008},
 issn = {0036-1445},
 pages = {91--112},
 numpages = {22},
 url = {http://dx.doi.org/10.1137/070707002},
 doi = {10.1137/070707002},
 acmid = {1350633},
 publisher = {Society for Industrial and Applied Mathematics},
 address = {Philadelphia, PA, USA},
 keywords = {Anderson model of localization, Cullum-Willoughby implementation, Jacobi-Davidson algorithm, Lanczos algorithm, large-scale eigenvalue problem, maximum weighted matching, multilevel preconditioning, symmetric indefinite matrix},
} 

@article{pardiso3,
year={2007},
issn={0926-6003},
journal={Computational Optimization and Applications},
volume={36},
number={2-3},
doi={10.1007/s10589-006-9003-y},
title={Matching-based preprocessing algorithms to the solution of saddle-point problems in large-scale nonconvex interior-point optimization},
url={http://dx.doi.org/10.1007/s10589-006-9003-y},
publisher={Kluwer Academic Publishers-Plenum Publishers},
keywords={Nonconvex nonlinear programming; Interior-point method; Saddle-point problem; Numerical linear algebra; Maximum weight matching},
author={Schenk, Olaf and W\"achter, Andreas and Hagemann, Michael},
pages={321-341},
language={English}
}

@book{Press:2007:NRE:1403886,
 author = {Press, William H. and Teukolsky, Saul A. and Vetterling, William T. and Flannery, Brian P.},
 title = {Numerical Recipes 3rd Edition: The Art of Scientific Computing},
 year = {2007},
 isbn = {0521880688, 9780521880688},
 edition = {3},
 publisher = {Cambridge University Press},
 address = {New York, NY, USA},
} 

@article{Assaad:2013xua,
      author         = "Assaad, Fakher F. and Herbut, Igor F.",
      title          = "{Pinning the order: the nature of quantum criticality in
                        the Hubbard model on honeycomb lattice}",
      journal        = "Phys. Rev.",
      volume         = "X3",
      year           = "2013",
      pages          = "031010",
      doi            = "10.1103/PhysRevX.3.031010",
      eprint         = "1304.6340",
      archivePrefix  = "arXiv",
      primaryClass   = "cond-mat.str-el",
      SLACcitation   = "%%CITATION = ARXIV:1304.6340;%%"
}

@proceedings{bedaque419,
  author        = {Bedaque, Paulo},
  title         = {{Going with the (holomorphic) flow: thimbles and the sign problem}},
  note          = {in \emph{Proceedings, \href{http://inspirehep.net/record/1425631}{35th International Symposium on Lattice Field Theory (Lattice2017)}: Granada, Spain}, to appear in EPJ Web Conf.},
  collaboration = "",
  eprint        = "",
  archivePrefix = "arXiv",
  primaryClass  = "hep-lat",
}

@article{PhysRevLett.106.037404,
  title = {Observation of Charged Excitons in Hole-Doped Carbon Nanotubes Using Photoluminescence and Absorption Spectroscopy},
  author = {Matsunaga, Ryusuke and Matsuda, Kazunari and Kanemitsu, Yoshihiko},
  journal = {Phys. Rev. Lett.},
  volume = {106},
  issue = {3},
  pages = {037404},
  numpages = {4},
  year = {2011},
  month = {Jan},
  publisher = {American Physical Society},
  doi = {10.1103/PhysRevLett.106.037404},
  url = {http://link.aps.org/doi/10.1103/PhysRevLett.106.037404}
}

@book{terakura2013interatomic,
  title={Interatomic Potential and Structural Stability: Proceedings of the 15th Taniguchi Symposium, Kashikojima, Japan, October 19--23, 1992},
  author={Terakura, K. and Akai, H.},
  isbn={9783642849688},
  series={Springer Series in Solid-State Sciences},
  url={https://books.google.de/books?id=1cnsCAAAQBAJ},
  year={2013},
  publisher={Springer Berlin Heidelberg}
}


@article{Endres:2015gda,
      author         = "Endres, Michael G. and Shindler, Andrea and Tiburzi,
                        Brian C. and Walker-Loud, Andre",
      title          = "{Massive photons: an infrared regularization scheme for
                        lattice QCD+QED}",
      year           = "2015",
      eprint         = "1507.08916",
      archivePrefix  = "arXiv",
      primaryClass   = "hep-lat",
      reportNumber   = "MIT-CTP-4691, JLAB-THY-15-2112, NT@WM-15-12",
      SLACcitation   = "%%CITATION = ARXIV:1507.08916;%%"
}




